@article{saitou1987neighbor,
  title={The neighbor-joining method: a new method for reconstructing phylogenetic trees.},
  author={Saitou, Naruya and Nei, Masatoshi},
  journal={Molecular biology and evolution},
  volume={4},
  number={4},
  pages={406--425},
  year={1987},
  publisher={SMBE}
}

@article{rice2000emboss,
  title={EMBOSS: the European molecular biology open software suite},
  author={Rice, Peter and Longden, Ian and Bleasby, Alan and others},
  journal={Trends in genetics},
  volume={16},
  number={6},
  pages={276--277},
  year={2000},
  publisher={[Amsterdam, The Netherlands: Elsevier Science Publishers (Biomedical Division)], c1985-}
}


@article{plotree1989phylip,
  title={PHYLIP-phylogeny inference package (version 3.2)},
  author={Plotree, DOTREE and Plotgram, DOTGRAM},
  journal={cladistics},
  volume={5},
  pages={163--166},
  year={1989},
  publisher={Wiley Online Library}
}

@article{jukes1969evolution,
  title={Evolution of protein molecules},
  author={Jukes, Thomas H and Cantor, Charles R},
  journal={Mammalian protein metabolism},
  volume={3},
  pages={21--132},
  year={1969},
  publisher={New York}
}

@article{kimura1980simple,
  title={A simple method for estimating evolutionary rates of base substitutions through comparative studies of nucleotide sequences},
  author={Kimura, Motoo},
  journal={Journal of molecular evolution},
  volume={16},
  number={2},
  pages={111--120},
  year={1980},
  publisher={Springer}
}

@article{kimura1983rare,
  title={Rare variant alleles in the light of the neutral theory.},
  author={Kimura, Motoo},
  journal={Molecular Biology and Evolution},
  volume={1},
  number={1},
  pages={84--93},
  year={1983},
  publisher={SMBE}
}
@article{kosiol2005different,
  title={Different versions of the Dayhoff rate matrix},
  author={Kosiol, Carolin and Goldman, Nick},
  journal={Molecular biology and evolution},
  volume={22},
  number={2},
  pages={193--199},
  year={2005},
  publisher={SMBE}
}

@article{jones1992rapid,
  title={The rapid generation of mutation data matrices from protein sequences},
  author={Jones, David T and Taylor, William R and Thornton, Janet M},
  journal={Computer applications in the biosciences: CABIOS},
  volume={8},
  number={3},
  pages={275--282},
  year={1992},
  publisher={Oxford Univ Press}
}

@article{veerassamy2003transition,
  title={A transition probability model for amino acid substitutions from blocks},
  author={Veerassamy, Shalini and Smith, Andrew and Tillier, Elisabeth RM},
  journal={Journal of Computational Biology},
  volume={10},
  number={6},
  pages={997--1010},
  year={2003},
  publisher={Mary Ann Liebert, Inc.}
}


@article{khafif2014identification,
  title={Identification and phylogenetic analyses of VASt, an uncharacterized protein domain associated with lipid-binding domains in Eukaryotes},
  author={Khafif, Mehdi and Cottret, Ludovic and Balagu{\'e}, Claudine and Raffaele, Sylvain},
  journal={BMC bioinformatics},
  volume={15},
  number={1},
  pages={222},
  year={2014},
  publisher={BioMed Central Ltd}
}

@article{robinson1981comparison,
  title={Comparison of phylogenetic trees},
  author={Robinson, DavidF and Foulds, Leslie R},
  journal={Mathematical Biosciences},
  volume={53},
  number={1},
  pages={131--147},
  year={1981},
  publisher={Elsevier}
}
